@ARTICLE{General_IEEE,
  author={Sergio Rapuano, Steven Tilden},
  journal={IEEE Std 2414-2020}, 
  title={IEEE Standard for Jitter and Phase Noise}, 
  year={2021},
  volume={},
  number={},
  pages={1-42},
  keywords={IEEE Standards;Jitter;Noise measurement;Error analysis;Timing;BER;bit-error rate;bounded uncorrelated jitter;BUJ;cycle-to-cycle jitter;data-dependent jitter;DDJ;deterministic jitter;DJ model total jitter;IEEE 2414;jitter;periodic jitter;period jitter;phase noise;PJ;random jitter;RMS and peak-to-peak jitter; time interval error;timing error;timing jitter;wander.},
  doi={10.1109/IEEESTD.2021.9364950}}